@article{FEBRIAN202321,
title = {Diabetes prediction using supervised machine learning},
journal = {Procedia Computer Science},
volume = {216},
pages = {21-30},
year = {2023},
note = {7th International Conference on Computer Science and Computational Intelligence 2022},
issn = {1877-0509},
doi = {https://doi.org/10.1016/j.procs.2022.12.107},
url = {https://www.sciencedirect.com/science/article/pii/S1877050922021858},
author = {Muhammad Exell Febrian and Fransiskus Xaverius Ferdinan and Gustian Paul Sendani and Kristien Margi Suryanigrum and Rezki Yunanda},
keywords = {diabetes, machine learning, artificial intelligent}
}

@article{Dutta,
  author={Dutta, Debadri and Paul, Debpriyo and Ghosh, Parthajeet},
  journal={2018 IEEE 9th Annual Information Technology, Electronics and Mobile Communication Conference (IEMCON)}, 
  title={Analysing Feature Importances for Diabetes Prediction using Machine Learning}, 
  year={2018},
  pages={924-928},
  doi={10.1109/IEMCON.2018.8614871}}


@article{saxena,
title = {A Novel Approach for Feature Selection and Classification of Diabetes Mellitus: Machine Learning Methods.},
journal = {Computational intelligence and neuroscience},
volume = {2022:3820360},
year = {2022},
doi = {https://doi.org/10.1155/2022/3820360},
author = {Saxena R and  Sharma SKa nd  Gupta M and Sampada GC}
}

@article{GANIE2022100092,
title = {An ensemble Machine Learning approach for predicting Type-II diabetes mellitus based on lifestyle indicators},
journal = {Healthcare Analytics},
volume = {2},
pages = {100092},
year = {2022},
issn = {2772-4425},
doi = {https://doi.org/10.1016/j.health.2022.100092},
url = {https://www.sciencedirect.com/science/article/pii/S2772442522000399},
author = {Shahid Mohammad Ganie and Majid Bashir Malik},
}
@article{Xu2024,
  title={Research on the Influence Factors that Possibly Lead to Diabetes},
  author={Pengzhou Xu},
  journal={Proceedings of the 1st International Conference on Innovations in Applied Mathematics, Physics and Astronomy},
  year={2024},
  url={https://api.semanticscholar.org/CorpusID:274300013}
}

@dataset{pimaDataset,
  title     = {Pima {I}ndians {D}iabetes {D}atabase},
howpublished = "\url{https://www.kaggle.com/datasets/uciml/pima-indians-diabetes-database}"
, note = {last accessed: 2025-04-08}
}

@dataset{diabetesDataset,
  title     = {Diabetes Dataset},
  howpublished = "\url{https://www.kaggle.com/datasets/iammustafatz/diabetes-prediction-dataset}"  
, note = {last accessed: 2025-04-08}
}

@dataset{BRFSS2022,
  title     = {2022 {B}{R}{F}{S}{S} {S}urvey {D}ata and {D}ocumentation},
  howpublished = "\url{https://www.cdc.gov/brfss/annual_data/annual_2022.html}" 
, note = {last accessed: 2025-04-08}
}

@book{aurelien2019hands,
author = {Geron, Aurelien},
title = {Hands-On Machine Learning with Scikit-Learn, Keras, and TensorFlow: Concepts, Tools, and Techniques to Build Intelligent Systems},
year = {2019},
isbn = {1492032646},
publisher = {O'Reilly Media, Inc.},
edition = {2nd}
}

@article{adasyn2008,
author = {He, Haibo and Bai, Yang and Garcia, Edwardo and Li, Shutao},
year = {2008},
month = {07},
pages = {1322 - 1328},
title = {ADASYN: Adaptive Synthetic Sampling Approach for Imbalanced Learning},
journal = {Proceedings of the International Joint Conference on Neural Networks},
doi = {10.1109/IJCNN.2008.4633969}
}

@article{smote2019,
title = {A Comprehensive Analysis of Synthetic Minority Oversampling Technique (SMOTE) for handling class imbalance},
journal = {Information Sciences},
volume = {505},
pages = {32-64},
year = {2019},
issn = {0020-0255},
doi = {https://doi.org/10.1016/j.ins.2019.07.070},
url = {https://www.sciencedirect.com/science/article/pii/S0020025519306838},
author = {Dina Elreedy and Amir F. Atiya},
keywords = {Unbalanced data, Minority class, Over-sampling, Data level, SMOTE}
}

@article{classWeights2023,
author = {Bakirarar, Batuhan and ELHAN, Atilla},
year = {2023},
month = {01},
pages = {19-29},
title = {Class Weighting Technique to Deal with Imbalanced Class Problem in Machine Learning: Methodological Research},
volume = {15},
journal = {Turkiye Klinikleri Journal of Biostatistics},
doi = {10.5336/biostatic.2022-93961}
}

@article{BARBIERI2024123667,
title = {Analysis and comparison of feature selection methods towards performance and stability},
journal = {Expert Systems with Applications},
volume = {249},
pages = {123667},
year = {2024},
issn = {0957-4174},
doi = {https://doi.org/10.1016/j.eswa.2024.123667},
url = {https://www.sciencedirect.com/science/article/pii/S0957417424005335},
author = {Matheus Cezimbra Barbieri and Bruno Iochins Grisci and MÃ¡rcio Dorn}
}

@misc{selectkbest,
  title = {Scikit-learn {S}elect{K}{B}est {H}omepage},
  howpublished = "\url{https://scikit-learn.org/stable/modules/generated/sklearn.feature_selection.SelectKBest.html}"  ,
  note = {last accessed: 2025-04-08}
}

@misc{lightGBM,
  title     = {Light{G}{B}{M} {P}arameters webpage},
  howpublished = "\url{https://lightgbm.readthedocs.io/en/stable/Parameters.html}", note = {last accessed: 2025-04-08}

}
